@misc{Grinstein:2002:IVV,
  author = {Georges Grinstein and Daniel Keim and Matthew Ward},
  title = {Information Visualization, Visual Data Mining, and Its Application to Drug Design},
  howpublished = {IEEE Visualization Course \#1 Notes},
  month = {October},
  year = {2002},
	url = {http://vis.computer.org/vis2002/program/tutorials/tutorial_01_abstract.html}
}

@misc{gregor_aisch_2017, title={Chetty College Mobility}, url={https://www.nytimes.com/interactive/projects/college-mobility/}, journal={The New York Times}, publisher={The New York Times}, author={Gregor Aisch, Larry Buchanan}, year={2017}, month={Jan}}

@misc{mobility, title={Mobility Report Cards: The Role of Colleges in Intergenerational Mobility | Opportunity Insights}, url={https://opportunityinsights.org/paper/mobilityreportcards/}, journal={Mobility Report Cards: The Role of Colleges in Intergenerational Mobility | Opportunity Insights}, author={Raj Chetty, John Friedman, Emmanuel Saez, Nicholas Turner, Danny Yagan}, year={2017}, month={Dec}, publisher={Opportunity Insights}}